@book{aima,
  abstract = {{The long-anticipated revision of this best-selling book offers the most comprehensive, up-to-date introduction to the theory and practice of artificial intelligence. Intelligent Agents. Solving Problems by Searching. Informed Search Methods. Game Playing. Agents that Reason Logically. First-order Logic. Building a Knowledge Base. Inference in First-Order Logic. Logical Reasoning Systems. Practical Planning. Planning and Acting. Uncertainty. Probabilistic Reasoning Systems. Making Simple Decisions. Making Complex Decisions. Learning from Observations. Learning with Neural Networks. Reinforcement Learning. Knowledge in Learning. Agents that Communicate. Practical Communication in English. Perception. Robotics. For those interested in artificial intelligence.}},
  added-at = {2010-04-19T01:35:48.000+0200},
  author = {Russell, Stuart J. and Norvig, Peter},
  biburl = {https://www.bibsonomy.org/bibtex/2aab790cf69e18d11b87b7fdbb1a0bf9e/franz},
  howpublished = {Hardcover},
  interhash = {2d5e32236d3ab0ad8a224c2de22fcbb7},
  intrahash = {aab790cf69e18d11b87b7fdbb1a0bf9e},
  isbn = {0137903952},
  keywords = {intelligence},
  month = {December},
  priority = {0},
  publisher = {{Prentice Hall}},
  title = {Artificial Intelligence: A Modern Approach (2nd Edition)},
  year = 2002
}

@article{alpha-zero,
       author = {{Silver}, David and {Hubert}, Thomas and {Schrittwieser}, Julian and
         {Antonoglou}, Ioannis and {Lai}, Matthew and {Guez}, Arthur and
         {Lanctot}, Marc and {Sifre}, Laurent and {Kumaran}, Dharshan and
         {Graepel}, Thore and {Lillicrap}, Timothy and {Simonyan}, Karen and
         {Hassabis}, Demis},
        title = "{Mastering Chess and Shogi by Self-Play with a General Reinforcement Learning Algorithm}",
      journal = {arXiv e-prints},
     keywords = {Computer Science - Artificial Intelligence, Computer Science - Machine Learning},
         year = 2017,
        month = dec,
          eid = {arXiv:1712.01815},
        pages = {arXiv:1712.01815},
archivePrefix = {arXiv},
       eprint = {1712.01815},
 primaryClass = {cs.AI},
       adsurl = {https://ui.adsabs.harvard.edu/abs/2017arXiv171201815S},
      adsnote = {Provided by the SAO/NASA Astrophysics Data System}
}

@book{rlai,
  added-at = {2019-07-13T10:11:53.000+0200},
  author = {Sutton, Richard S. and Barto, Andrew G.},
  biburl = {https://www.bibsonomy.org/bibtex/2f46601cf8b13d39d1378af0d79438b12/lanteunis},
  edition = {Second},
  interhash = {ac6b144aaec1819919a2fba9f705c852},
  intrahash = {f46601cf8b13d39d1378af0d79438b12},
  keywords = {},
  publisher = {The MIT Press},
  timestamp = {2019-07-13T10:11:53.000+0200},
  title = {Reinforcement Learning: An Introduction},
  url = {http://incompleteideas.net/book/the-book-2nd.html},
  year = {2018}
}

@article{ago,
title	= {Mastering the game of Go with deep neural networks and tree search},
author	= {David Silver and Aja Huang and Christopher J. Maddison and Arthur Guez and Laurent Sifre and George van den Driessche and Julian Schrittwieser and Ioannis Antonoglou and Veda Panneershelvam and Marc Lanctot and Sander Dieleman and Dominik Grewe and John Nham and Nal Kalchbrenner and Ilya Sutskever and Timothy Lillicrap and Madeleine Leach and Koray Kavukcuoglu and Thore Graepel and Demis Hassabis},
year	= {2016},
URL	= {http://www.nature.com/nature/journal/v529/n7587/full/nature16961.html},
journal	= {Nature},
pages	= {484--503},
volume	= {529}
}

@misc{wiki:Deep_learning,
   author = "Wikipedia",
   title = "{Deep learning} --- {W}ikipedia{,} The Free Encyclopedia",
   year = "2020",
   howpublished = {\url{http://en.wikipedia.org/w/index.php?title=Deep\%20learning}},
   note = "[Online; accessed 01-May-2020]"
 }

@misc{wiki:AlphaGo,
   author = "Wikipedia",
   title = "{AlphaGo} --- {W}ikipedia{,} The Free Encyclopedia",
   year = "2020",
   howpublished = {\url{http://en.wikipedia.org/w/index.php?title=AlphaGo}},
   note = "[Online; accessed 01-May-2020]"
 }

 @article{atari-dqn,
  added-at = {2019-07-12T20:11:01.000+0200},
  author = {Mnih, Volodymyr and Kavukcuoglu, Koray and Silver, David and Graves, Alex and Antonoglou, Ioannis and Wierstra, Daan and Riedmiller, Martin},
  biburl = {https://www.bibsonomy.org/bibtex/2a00ec4c09f5dc9b3f8a1836f4e02bb5d/lanteunis},
  interhash = {78966703f649bae69a08a6a23a4e8879},
  intrahash = {a00ec4c09f5dc9b3f8a1836f4e02bb5d},
  keywords = {},
  note = {cite arxiv:1312.5602Comment: NIPS Deep Learning Workshop 2013},
  timestamp = {2019-07-12T20:11:01.000+0200},
  title = {Playing Atari with Deep Reinforcement Learning},
  url = {http://arxiv.org/abs/1312.5602},
  year = 2013
}

@article{rainbow-dqn,
       author = {{Hessel}, Matteo and {Modayil}, Joseph and {van Hasselt}, Hado and
         {Schaul}, Tom and {Ostrovski}, Georg and {Dabney}, Will and
         {Horgan}, Dan and {Piot}, Bilal and {Azar}, Mohammad and
         {Silver}, David},
        title = "{Rainbow: Combining Improvements in Deep Reinforcement Learning}",
      journal = {arXiv e-prints},
     keywords = {Computer Science - Artificial Intelligence, Computer Science - Machine Learning},
         year = 2017,
        month = oct,
          eid = {arXiv:1710.02298},
        pages = {arXiv:1710.02298},
archivePrefix = {arXiv},
       eprint = {1710.02298},
 primaryClass = {cs.AI},
       adsurl = {https://ui.adsabs.harvard.edu/abs/2017arXiv171002298H},
      adsnote = {Provided by the SAO/NASA Astrophysics Data System}
}

@misc{openai-dota,
  author = {OpenAI},
  title = {{OpenAI Five}},
  howpublished = {\url{https://blog.openai.com/openai-five/}},
  year = {2018}
}

@misc{wiki:Reinforcement_learning,
   author = "Wikipedia",
   title = "{Reinforcement learning} --- {W}ikipedia{,} The Free Encyclopedia",
   year = "2020",
   howpublished = {\url{http://en.wikipedia.org/w/index.php?title=Reinforcement\%20learning}},
   note = "[Online; accessed 01-May-2020]"
 }

@misc{silver-lectures,
  author       = {David Silver},
  title        = {{UCL Course on Reinforcement Learning}},
  howpublished = {\url{https://www.davidsilver.uk/teaching/}},
  year         = {2015}
}

@article{Watkins1992,
  added-at = {2020-01-01T20:16:30.000+0100},
  author = {Watkins, Christopher J. C. H. and Dayan, Peter},
  biburl = {https://www.bibsonomy.org/bibtex/2416ac9f845c6ccea5a7eacee4dedead8/lanteunis},
  doi = {10.1007/BF00992698},
  issn = {1573-0565},
  journal = {Machine Learning},
  pages = {279--292},
  title = {Q-learning},
  url = {https://doi.org/10.1007/BF00992698},
  year = 1992
}

@misc{long-peak-rl,
  author       = {Lilian Weng},
  title        = {{A (Long) Peak at Reinforcement Learning}},
  howpublished = {\url{https://lilianweng.github.io/lil-log/2018/02/19/a-long-peek-into-reinforcement-learning.html}},
  year         = {2018}
}

@misc{jaromiru-dqn,
  author       = {Jaromír Janisch},
  title        = {{Let’s make a DQN: Theory}},
  howpublished = {\url{https://jaromiru.com/2016/09/27/lets-make-a-dqn-theory/}},
  year         = {2016}
}

@article{ddqn-paper,
       author = {{van Hasselt}, Hado and {Guez}, Arthur and {Silver}, David},
        title = "{Deep Reinforcement Learning with Double Q-learning}",
      journal = {arXiv e-prints},
     keywords = {Computer Science - Machine Learning},
         year = 2015,
        month = sep,
          eid = {arXiv:1509.06461},
        pages = {arXiv:1509.06461},
archivePrefix = {arXiv},
       eprint = {1509.06461},
 primaryClass = {cs.LG},
       adsurl = {https://ui.adsabs.harvard.edu/abs/2015arXiv150906461V},
      adsnote = {Provided by the SAO/NASA Astrophysics Data System}
}

@ARTICLE{per-paper,
       author = {{Schaul}, Tom and {Quan}, John and {Antonoglou}, Ioannis and
         {Silver}, David},
        title = "{Prioritized Experience Replay}",
      journal = {arXiv e-prints},
     keywords = {Computer Science - Machine Learning},
         year = 2015,
        month = nov,
          eid = {arXiv:1511.05952},
        pages = {arXiv:1511.05952},
archivePrefix = {arXiv},
       eprint = {1511.05952},
 primaryClass = {cs.LG},
       adsurl = {https://ui.adsabs.harvard.edu/abs/2015arXiv151105952S},
      adsnote = {Provided by the SAO/NASA Astrophysics Data System}
}

@ARTICLE{ale-paper,
       author = {{Bellemare}, Marc G. and {Naddaf}, Yavar and {Veness}, Joel and
         {Bowling}, Michael},
        title = "{The Arcade Learning Environment: An Evaluation Platform for General Agents}",
      journal = {arXiv e-prints},
     keywords = {Computer Science - Artificial Intelligence},
         year = 2012,
        month = jul,
          eid = {arXiv:1207.4708},
        pages = {arXiv:1207.4708},
archivePrefix = {arXiv},
       eprint = {1207.4708},
 primaryClass = {cs.AI},
       adsurl = {https://ui.adsabs.harvard.edu/abs/2012arXiv1207.4708B},
      adsnote = {Provided by the SAO/NASA Astrophysics Data System}
}

@misc{wiki:Rogue_(video_game),
   author = "Wikipedia",
   title = "{Rogue (video game)} --- {W}ikipedia{,} The Free Encyclopedia",
   year = "2020",
   howpublished = {\url{http://en.wikipedia.org/w/index.php?title=Rogue\%20(video\%20game)}},
   note = "[Online; accessed 03-May-2020]"
 }

@ARTICLE{rogue-gym-paper,
       author = {{Kanagawa}, Yuji and {Kaneko}, Tomoyuki},
        title = "{Rogue-Gym: A New Challenge for Generalization in Reinforcement Learning}",
      journal = {arXiv e-prints},
     keywords = {Computer Science - Machine Learning, Statistics - Machine Learning},
         year = 2019,
        month = apr,
          eid = {arXiv:1904.08129},
        pages = {arXiv:1904.08129},
archivePrefix = {arXiv},
       eprint = {1904.08129},
 primaryClass = {cs.LG},
       adsurl = {https://ui.adsabs.harvard.edu/abs/2019arXiv190408129K},
      adsnote = {Provided by the SAO/NASA Astrophysics Data System}
}

@ARTICLE{agent57-paper,
       author = {{Puigdom{\`e}nech Badia}, Adri{\`a} and {Piot}, Bilal and
         {Kapturowski}, Steven and {Sprechmann}, Pablo and {Vitvitskyi}, Alex and
         {Guo}, Daniel and {Blundell}, Charles},
        title = "{Agent57: Outperforming the Atari Human Benchmark}",
      journal = {arXiv e-prints},
     keywords = {Computer Science - Machine Learning, Statistics - Machine Learning},
         year = 2020,
        month = mar,
          eid = {arXiv:2003.13350},
        pages = {arXiv:2003.13350},
archivePrefix = {arXiv},
       eprint = {2003.13350},
 primaryClass = {cs.LG},
       adsurl = {https://ui.adsabs.harvard.edu/abs/2020arXiv200313350P},
      adsnote = {Provided by the SAO/NASA Astrophysics Data System}
}

@book{Goodfellow-et-al-2016,
    title={Deep Learning},
    author={Ian Goodfellow and Yoshua Bengio and Aaron Courville},
    publisher={MIT Press},
    note={\url{http://www.deeplearningbook.org}},
    year={2016}
}

@article{neocognitron-paper,
       author = {{Fukushima}, Kunihiko},
        title = "{Neocognitron}",
      journal = {Scholarpedia},
         year = 2007,
        month = jan,
       volume = {2},
       number = {1},
        pages = {1717},
          doi = {10.4249/scholarpedia.1717},
       adsurl = {https://ui.adsabs.harvard.edu/abs/2007SchpJ...2.1717F},
      adsnote = {Provided by the SAO/NASA Astrophysics Data System}
}

@article{lecun,
author = {LeCun, Y. and Boser, B. and Denker, J. S. and Henderson, D. and Howard, R. E. and Hubbard, W. and Jackel, L. D.},
title = {Backpropagation Applied to Handwritten Zip Code Recognition},
journal = {Neural Computation},
volume = {1},
number = {4},
pages = {541-551},
year = {1989},
doi = {10.1162/neco.1989.1.4.541},
URL = {https://doi.org/10.1162/neco.1989.1.4.541},
eprint = {https://doi.org/10.1162/neco.1989.1.4.541}
}

@misc{stanford-convnets,
  title={Convolutional Neural Networks},
  url={https://cs231n.github.io/convolutional-networks/},
  journal={CS231n Convolutional Neural Networks for Visual Recognition},
  publisher={Stanford University}
}

@article{neural-q-fitted,
  author="Riedmiller, Martin",
  title="Neural Fitted Q Iteration -- First Experiences with a Data Efficient Neural Reinforcement Learning Method",
  booktitle="Machine Learning: ECML 2005",
  year="2005",
  isbn="978-3-540-31692-3"
}

@article{a3c-paper,
       author = {{Mnih}, Volodymyr and {Puigdom{\`e}nech Badia}, Adri{\`a} and
         {Mirza}, Mehdi and {Graves}, Alex and {Lillicrap}, Timothy P. and
         {Harley}, Tim and {Silver}, David and {Kavukcuoglu}, Koray},
        title = "{Asynchronous Methods for Deep Reinforcement Learning}",
      journal = {arXiv e-prints},
     keywords = {Computer Science - Machine Learning},
         year = 2016,
        month = feb,
          eid = {arXiv:1602.01783},
        pages = {arXiv:1602.01783},
archivePrefix = {arXiv},
       eprint = {1602.01783},
 primaryClass = {cs.LG},
       adsurl = {https://ui.adsabs.harvard.edu/abs/2016arXiv160201783M},
      adsnote = {Provided by the SAO/NASA Astrophysics Data System}
}

@article{pacman-in-academia,
  author={P. {Rohlfshagen} and J. {Liu} and D. {Perez-Liebana} and S. M. {Lucas}},
  journal={IEEE Transactions on Games},
  title={Pac-Man Conquers Academia: Two Decades of Research Using a Classic Arcade Game},
  year={2018},
  volume={10},
  number={3},
  pages={233-256},
}

@misc{pacman-gameinformer,
	title = {Pac-{Man}'s {Creator} {On} {The} {Legacy}, {Pizza}, {And} {The} {Future}},
	url = {https://www.gameinformer.com/classic/2020/06/19/pac-mans-creator-on-the-legacy-pizza-and-the-future},
	abstract = {We speak with Iwatani about the creation of Pac-Man and why he thinks the character has had such a lasting legacy.},
	language = {en},
	urldate = {2020-08-17},
	journal = {Game Informer},
	author = {Reeves, Ben}
}

  
@article{pommerman-paper,
  author    = {Cinjon Resnick and
               Wes Eldridge and
               David Ha and
               Denny Britz and
               Jakob Foerster and
               Julian Togelius and
               Kyunghyun Cho and
               Joan Bruna},
  title     = {Pommerman: {A} Multi-Agent Playground},
  journal   = {CoRR},
  volume    = {abs/1809.07124},
  year      = {2018},
  url       = {http://arxiv.org/abs/1809.07124},
  archivePrefix = {arXiv},
  eprint    = {1809.07124},
  timestamp = {Fri, 05 Oct 2018 11:34:52 +0200},
  biburl    = {https://dblp.org/rec/bib/journals/corr/abs-1809-07124},
  bibsource = {dblp computer science bibliography, https://dblp.org}
}

@article{mpmdrl,
       author = {{Nair}, Arun and {Srinivasan}, Praveen and {Blackwell}, Sam and
         {Alcicek}, Cagdas and {Fearon}, Rory and {De Maria}, Alessandro and
         {Panneershelvam}, Vedavyas and {Suleyman}, Mustafa and
         {Beattie}, Charles and {Petersen}, Stig and {Legg}, Shane and
         {Mnih}, Volodymyr and {Kavukcuoglu}, Koray and {Silver}, David},
        title = "{Massively Parallel Methods for Deep Reinforcement Learning}",
      journal = {arXiv e-prints},
     keywords = {Computer Science - Machine Learning, Computer Science - Artificial Intelligence, Computer Science - Distributed, Parallel, and Cluster Computing, Computer Science - Neural and Evolutionary Computing},
         year = 2015,
        month = jul,
          eid = {arXiv:1507.04296},
        pages = {arXiv:1507.04296},
archivePrefix = {arXiv},
       eprint = {1507.04296},
 primaryClass = {cs.LG},
       adsurl = {https://ui.adsabs.harvard.edu/abs/2015arXiv150704296N},
      adsnote = {Provided by the SAO/NASA Astrophysics Data System}
}

@misc{openai-gym,
  Author = {Greg Brockman and Vicki Cheung and Ludwig Pettersson and Jonas Schneider and John Schulman and Jie Tang and Wojciech Zaremba},
  Title = {{OpenAI Gym}},
  Year = {2016},
  Eprint = {arXiv:1606.01540},
}

@inbook{pytorch-book,
  author = {Ketkar, Nikhil},
  year = {2017},
  month = {10},
  pages = {195-208},
  title = {Introduction to PyTorch},
  isbn = {978-1-4842-2765-7},
  doi = {10.1007/978-1-4842-2766-4_12}
}

